@mastersthesis{xinyanan2022,
  author  = {邢亚男},
  school  = {吉林大学},
  title   = {车路协同感知融合研究},
  year    = {2022},
  doi     = {10.27162/d.cnki.gjlin.2022.006243}
}

@online{zhineng,
  title={智能汽车创新发展战略},
  year={2020},
  author={国家发展改革委},
  url={https://www.ndrc.gov.cn/xxgk/zcfb/tz/202002/P020200224573058971435.pdf}
}

@article{mao20223d,
  title={3D object detection for autonomous driving: a review and new outlooks},
  author={Mao, Jiageng and Shi, Shaoshuai and Wang, Xiaogang and Li, Hongsheng},
  journal={arXiv preprint arXiv:2206.09474},
  year={2022}
}

@inproceedings{qi2017pointnet,
  title={Pointnet: Deep learning on point sets for 3d classification and segmentation},
  author={Qi, Charles R and Su, Hao and Mo, Kaichun and Guibas, Leonidas J},
  booktitle={Proceedings of the IEEE conference on computer vision and pattern recognition},
  pages={652--660},
  year={2017}
}

@article{qi2017pointnet++,
  title={Pointnet++: Deep hierarchical feature learning on point sets in a metric space},
  author={Qi, Charles Ruizhongtai and Yi, Li and Su, Hao and Guibas, Leonidas J},
  journal={Advances in neural information processing systems},
  volume={30},
  year={2017}
}

@inproceedings{shi2019pointrcnn,
  title={Pointrcnn: 3d object proposal generation and detection from point cloud},
  author={Shi, Shaoshuai and Wang, Xiaogang and Li, Hongsheng},
  booktitle={Proceedings of the IEEE/CVF conference on computer vision and pattern recognition},
  pages={770--779},
  year={2019}
}

@inproceedings{zhou2018voxelnet,
  title={Voxelnet: End-to-end learning for point cloud based 3d object detection},
  author={Zhou, Yin and Tuzel, Oncel},
  booktitle={Proceedings of the IEEE conference on computer vision and pattern recognition},
  pages={4490--4499},
  year={2018}
}

@inproceedings{chen2017multi,
  title={Multi-view 3d object detection network for autonomous driving},
  author={Chen, Xiaozhi and Ma, Huimin and Wan, Ji and Li, Bo and Xia, Tian},
  booktitle={Proceedings of the IEEE conference on Computer Vision and Pattern Recognition},
  pages={1907--1915},
  year={2017}
}

@article{weng2020ab3dmot,
  title={Ab3dmot: A baseline for 3d multi-object tracking and new evaluation metrics},
  author={Weng, Xinshuo and Wang, Jianren and Held, David and Kitani, Kris},
  journal={arXiv preprint arXiv:2008.08063},
  year={2020}
}

@inproceedings{weng20203d,
  title={3d multi-object tracking: A baseline and new evaluation metrics},
  author={Weng, Xinshuo and Wang, Jianren and Held, David and Kitani, Kris},
  booktitle={2020 IEEE/RSJ International Conference on Intelligent Robots and Systems (IROS)},
  pages={10359--10366},
  year={2020},
  organization={IEEE}
}

@inproceedings{kim2021eagermot,
  title={Eagermot: 3d multi-object tracking via sensor fusion},
  author={Kim, Aleksandr and O{\v{s}}ep, Aljo{\v{s}}a and Leal-Taix{\'e}, Laura},
  booktitle={2021 IEEE International Conference on Robotics and Automation (ICRA)},
  pages={11315--11321},
  year={2021},
  organization={IEEE}
}

@inproceedings{bolme2010visual,
  title={Visual object tracking using adaptive correlation filters},
  author={Bolme, David S and Beveridge, J Ross and Draper, Bruce A and Lui, Yui Man},
  booktitle={2010 IEEE computer society conference on computer vision and pattern recognition},
  pages={2544--2550},
  year={2010},
  organization={IEEE}
}

@inproceedings{henriques2012exploiting,
  title={Exploiting the circulant structure of tracking-by-detection with kernels},
  author={Henriques, Joao F and Caseiro, Rui and Martins, Pedro and Batista, Jorge},
  booktitle={Computer Vision--ECCV 2012: 12th European Conference on Computer Vision, Florence, Italy, October 7-13, 2012, Proceedings, Part IV 12},
  pages={702--715},
  year={2012},
  organization={Springer}
}

@article{henriques2014high,
  title={High-speed tracking with kernelized correlation filters},
  author={Henriques, Jo{\~a}o F and Caseiro, Rui and Martins, Pedro and Batista, Jorge},
  journal={IEEE transactions on pattern analysis and machine intelligence},
  volume={37},
  number={3},
  pages={583--596},
  year={2014},
  publisher={IEEE}
}

@inproceedings{danelljan2015convolutional,
  title={Convolutional features for correlation filter based visual tracking},
  author={Danelljan, Martin and Hager, Gustav and Shahbaz Khan, Fahad and Felsberg, Michael},
  booktitle={Proceedings of the IEEE international conference on computer vision workshops},
  pages={58--66},
  year={2015}
}

@article{bromley1993signature,
  title={Signature verification using a" siamese" time delay neural network},
  author={Bromley, Jane and Guyon, Isabelle and LeCun, Yann and S{\"a}ckinger, Eduard and Shah, Roopak},
  journal={Advances in neural information processing systems},
  volume={6},
  year={1993}
}

@inproceedings{bertinetto2016fully,
  title={Fully-convolutional siamese networks for object tracking},
  author={Bertinetto, Luca and Valmadre, Jack and Henriques, Joao F and Vedaldi, Andrea and Torr, Philip HS},
  booktitle={Computer Vision--ECCV 2016 Workshops: Amsterdam, The Netherlands, October 8-10 and 15-16, 2016, Proceedings, Part II 14},
  pages={850--865},
  year={2016},
  organization={Springer}
}

@mastersthesis{wang2020jiyusanweileida,
  author  = {王思信},
  school  = {武汉理工大学},
  title   = {基于三维激光雷达与视觉融合
的车辆跟踪与驾驶行为研究},
  year    = {2020}
}

@article{geiger2013vision,
  title={Vision meets robotics: The kitti dataset},
  author={Geiger, Andreas and Lenz, Philip and Stiller, Christoph and Urtasun, Raquel},
  journal={The International Journal of Robotics Research},
  volume={32},
  number={11},
  pages={1231--1237},
  year={2013},
  publisher={Sage Publications Sage UK: London, England}
}

@inproceedings{geiger2012we,
  title={Are we ready for autonomous driving? the kitti vision benchmark suite},
  author={Geiger, Andreas and Lenz, Philip and Urtasun, Raquel},
  booktitle={2012 IEEE conference on computer vision and pattern recognition},
  pages={3354--3361},
  year={2012},
  organization={IEEE}
}

@inproceedings{caesar2020nuscenes,
  title={nuscenes: A multimodal dataset for autonomous driving},
  author={Caesar, Holger and Bankiti, Varun and Lang, Alex H and Vora, Sourabh and Liong, Venice Erin and Xu, Qiang and Krishnan, Anush and Pan, Yu and Baldan, Giancarlo and Beijbom, Oscar},
  booktitle={Proceedings of the IEEE/CVF conference on computer vision and pattern recognition},
  pages={11621--11631},
  year={2020}
}

@inproceedings{huang2018apolloscape,
  title={The apolloscape dataset for autonomous driving},
  author={Huang, Xinyu and Cheng, Xinjing and Geng, Qichuan and Cao, Binbin and Zhou, Dingfu and Wang, Peng and Lin, Yuanqing and Yang, Ruigang},
  booktitle={Proceedings of the IEEE conference on computer vision and pattern recognition workshops},
  pages={954--960},
  year={2018}
}

@inproceedings{sun2020scalability,
  title={Scalability in perception for autonomous driving: Waymo open dataset},
  author={Sun, Pei and Kretzschmar, Henrik and Dotiwalla, Xerxes and Chouard, Aurelien and Patnaik, Vijaysai and Tsui, Paul and Guo, James and Zhou, Yin and Chai, Yuning and Caine, Benjamin and others},
  booktitle={Proceedings of the IEEE/CVF conference on computer vision and pattern recognition},
  pages={2446--2454},
  year={2020}
}

@article{sun2022object,
  title={Object detection based on roadside LiDAR for cooperative driving automation: a review},
  author={Sun, Pengpeng and Sun, Chenghao and Wang, Runmin and Zhao, Xiangmo},
  journal={Sensors},
  volume={22},
  number={23},
  pages={9316},
  year={2022},
  publisher={MDPI}
}

@inproceedings{wang2022ips300+,
  title={IPS300+: a Challenging multi-modal data sets for Intersection Perception System},
  author={Wang, Huanan and Zhang, Xinyu and Li, Zhiwei and Li, Jun and Wang, Kun and Lei, Zhu and Haibing, Ren},
  booktitle={2022 International Conference on Robotics and Automation (ICRA)},
  pages={2539--2545},
  year={2022},
  organization={IEEE}
}

@inproceedings{yu2022dair,
  title={Dair-v2x: A large-scale dataset for vehicle-infrastructure cooperative 3d object detection},
  author={Yu, Haibao and Luo, Yizhen and Shu, Mao and Huo, Yiyi and Yang, Zebang and Shi, Yifeng and Guo, Zhenglong and Li, Hanyu and Hu, Xing and Yuan, Jirui and others},
  booktitle={Proceedings of the IEEE/CVF Conference on Computer Vision and Pattern Recognition},
  pages={21361--21370},
  year={2022}
}

@inproceedings{cress2022a9,
  title={A9-dataset: Multi-sensor infrastructure-based dataset for mobility research},
  author={Cre{\ss}, Christian and Zimmer, Walter and Strand, Leah and Fortkord, Maximilian and Dai, Siyi and Lakshminarasimhan, Venkatnarayanan and Knoll, Alois},
  booktitle={2022 IEEE Intelligent Vehicles Symposium (IV)},
  pages={965--970},
  year={2022},
  organization={IEEE}
}

@article{bernardin2008evaluating,
  title={Evaluating multiple object tracking performance: the clear mot metrics},
  author={Bernardin, Keni and Stiefelhagen, Rainer},
  journal={EURASIP Journal on Image and Video Processing},
  volume={2008},
  pages={1--10},
  year={2008},
  publisher={Springer}
}

@article{luiten2021hota,
  title={Hota: A higher order metric for evaluating multi-object tracking},
  author={Luiten, Jonathon and Osep, Aljosa and Dendorfer, Patrick and Torr, Philip and Geiger, Andreas and Leal-Taix{\'e}, Laura and Leibe, Bastian},
  journal={International journal of computer vision},
  volume={129},
  pages={548--578},
  year={2021},
  publisher={Springer}
}

@inproceedings{felzenszwalb2008discriminatively,
  title={A discriminatively trained, multiscale, deformable part model},
  author={Felzenszwalb, Pedro and McAllester, David and Ramanan, Deva},
  booktitle={2008 IEEE conference on computer vision and pattern recognition},
  pages={1--8},
  year={2008},
  organization={Ieee}
}

@article{krizhevsky2017imagenet,
  title={Imagenet classification with deep convolutional neural networks},
  author={Krizhevsky, Alex and Sutskever, Ilya and Hinton, Geoffrey E},
  journal={Communications of the ACM},
  volume={60},
  number={6},
  pages={84--90},
  year={2017},
  publisher={AcM New York, NY, USA}
}

@article{redmon2018yolov3,
  title={Yolov3: An incremental improvement},
  author={Redmon, Joseph and Farhadi, Ali},
  journal={arXiv preprint arXiv:1804.02767},
  year={2018}
}

@article{bochkovskiy2020yolov4,
  title={Yolov4: Optimal speed and accuracy of object detection},
  author={Bochkovskiy, Alexey and Wang, Chien-Yao and Liao, Hong-Yuan Mark},
  journal={arXiv preprint arXiv:2004.10934},
  year={2020}
}

@inproceedings{liu2016ssd,
  title={Ssd: Single shot multibox detector},
  author={Liu, Wei and Anguelov, Dragomir and Erhan, Dumitru and Szegedy, Christian and Reed, Scott and Fu, Cheng-Yang and Berg, Alexander C},
  booktitle={Computer Vision--ECCV 2016: 14th European Conference, Amsterdam, The Netherlands, October 11--14, 2016, Proceedings, Part I 14},
  pages={21--37},
  year={2016},
  organization={Springer}
}

@inproceedings{girshick2015fast,
  title={Fast r-cnn},
  author={Girshick, Ross},
  booktitle={Proceedings of the IEEE international conference on computer vision},
  pages={1440--1448},
  year={2015}
}

@inproceedings{he2017mask,
  title={Mask r-cnn},
  author={He, Kaiming and Gkioxari, Georgia and Doll{\'a}r, Piotr and Girshick, Ross},
  booktitle={Proceedings of the IEEE international conference on computer vision},
  pages={2961--2969},
  year={2017}
}

@article{ren2015faster,
  title={Faster r-cnn: Towards real-time object detection with region proposal networks},
  author={Ren, Shaoqing and He, Kaiming and Girshick, Ross and Sun, Jian},
  journal={Advances in neural information processing systems},
  volume={28},
  year={2015}
}

@article{forster2016manifold,
  title={On-manifold preintegration for real-time visual--inertial odometry},
  author={Forster, Christian and Carlone, Luca and Dellaert, Frank and Scaramuzza, Davide},
  journal={IEEE Transactions on Robotics},
  volume={33},
  number={1},
  pages={1--21},
  year={2016},
  publisher={IEEE}
}

@techreport{dellaert2012factor,
  title={Factor graphs and GTSAM: A hands-on introduction},
  author={Dellaert, Frank},
  year={2012},
  institution={Georgia Institute of Technology}
}